
@book{RLbook,
    title       = {Reinforcement Learning: An Introduction},
    author      = {Sutton, Richard and Barto, Andrew},
    year        = {2018},
    publisher   = {MIT Press}
}

@article{DQNAtari,
    author  = {Mnih, Volodymyr and Kavukcuoglu, Koray and Silver, David and Rusu, Andrei A. and Veness, Joel and Bellemare, Marc G. and Graves, Alex and Riedmiller, Martin and Fidjeland, Andreas K. and Ostrovski, Georg and Petersen, Stig and Beattie, Charles and Sadik, Amir and Antonoglou, Ioannis and King, Helen and Kumaran, Dharshan and Wierstra, Daan and Legg, Shane and Hassabis, Demis},
    title   = {Human-level control through deep reinforcement learning},
    journal = {Nature},
    volume  = {518},
    month   = {February},
    year    = {2015},
    pages   = {529-533},
}

@article{DeepMimic,
    author      = {Peng, Xue Bin and Abbeel, Pieter and Levine, Sergey and van de Panne, Michiel},
    title       = {DeepMimic: Example-guided Deep Reinforcement Learning of Physics-based Character Skills},
    journal     = {ACM Trans. Graph.},
    volume      = {37},
    number      = {4},
    month       = "jul",
    year        = {2018},
    issn        = {0730-0301},
    pages       = {143:1--143:14},
    articleno   = {143},
    numpages    = {14},
    url         = {http://doi.acm.org/10.1145/3197517.3201311},
    doi         = {10.1145/3197517.3201311},
    acmid       = {3201311},
    publisher   = {ACM},
    address     = {New York, NY, USA},
    keywords    = {motion control, physics-based character animation, reinforcement learning},
}

@article{AlphaGo,
    author  = {Silver, David and Huang, Aja and Maddison, Chris J. and Guez, Arthur and Sifre, Laurent and van den Driessche, George and Schrittwieser, Julian and Panneershelvam, Veda and Lanctot, Marc and Dieleman, Sander and Grewe, Dominik and Nham, John and Kalchbrenner, Nal and Sutskever, Ilya and Lillicrap, Timothy and Leach, Madeleine and Kavukcuoglu, Koray and Graepel, Thore and Hassabis, Demis},
    title   = {Mastering the game of Go with deep neural network and tree search},
    journal = {Nature},
    volume  = {529},
    month   = {January},
    year    = {2016},
    pages   = {484-489},
}

@article{DeepmindEmergenceLocomotion,
    author      = {Nicolas Heess and Dhruva TB and Srinivasan Sriram and Jay Lemmon and Josh Merel and Greg Wayne and Yuval Tassa and Tom Erez and Ziyu Wang and S. M. Ali Eslami and Martin Riedmiller and David Silver},
    title       = {Emergence of Locomotion Behaviours in Rich Environments},
    journal     = {ArXiv},
    month       = {July},
    year        = {2017},
    publisher   = {ArXiv},
    url         = {https://arxiv.org/abs/1707.02286}
}